@article{abel:modalities,
  title         = {{A Unified View of Modalities in Type Systems}},
  author        = {Abel, Andreas and Bernardy, Jean-Philippe},
  year          = 2020,
  month         = aug,
  journal       = {Proc. ACM Program. Lang.},
  publisher     = {Association for Computing Machinery},
  address       = {New York, NY, USA},
  volume        = 4,
  number        = {ICFP},
  doi           = {10.1145/3408972},
  issue_date    = {August 2020},
  articleno     = 90,
  numpages      = 28
}
@article{kovacs:2LTT,
  title         = {{Staged compilation with two-level type theory}},
  author        = {Andr{\'{a}}s Kov{\'{a}}cs},
  year          = 2022,
  month         = aug,
  journal       = {Proceedings of the {ACM} on Programming Languages},
  publisher     = {Association for Computing Machinery ({ACM})},
  volume        = 6,
  number        = {ICFP},
  pages         = {540--569},
  doi           = {10.1145/3547641}
}
@article{abel:irrelevance,
  title         = {{On Irrelevance and Algorithmic Equality in Predicative Type Theory}},
  author        = {Andreas Abel and Gabriel Scherer},
  year          = 2012,
  journal       = {Logical Methods in Computer Science},
  volume        = 8,
  number        = 1,
  pages         = {1--36},
  doi           = {10.2168/lmcs-8(1:29)2012}
}
@article{annenkov:2LTT,
  title         = {{Two-level type theory and applications}},
  author        = {Annenkov, Danil and Capriotti, Paolo and Kraus, Nicolai and Sattler, Christian},
  year          = 2023,
  journal       = {Mathematical Structures in Computer Science},
  publisher     = {Cambridge University Press},
  volume        = 33,
  number        = 8,
  pages         = {688--743},
  doi           = {10.1017/s0960129523000130}
}
@article{barendregt:PTS,
  title         = {{Introduction to generalized type systems}},
  author        = {Barendregt, Henk},
  year          = 1991,
  journal       = {Journal of Functional Programming},
  publisher     = {Cambridge University Press},
  volume        = 1,
  number        = 2,
  pages         = {462--490},
  doi           = {10.1017/s0956796800020025}
}
@article{christiansen:haskell,
  title         = {{Dependently Typed Haskell in Industry (Experience Report)}},
  author        = {Christiansen, David Thrane and Diatchki, Iavor S. and Dockins, Robert and Hendrix, Joe and Ravitch, Tristan},
  year          = 2019,
  month         = jul,
  journal       = {Proc. ACM Program. Lang.},
  publisher     = {Association for Computing Machinery},
  address       = {New York, NY, USA},
  volume        = 3,
  number        = {{ICFP}},
  doi           = {10.1145/3341704},
  articleno     = 100,
  numpages      = 16
}
@article{denning:infoflow,
  title         = {{Certification of Programs for Secure Information Flow}},
  author        = {Denning, Dorothy E. and Denning, Peter J.},
  year          = 1977,
  month         = jul,
  journal       = {Commun. ACM},
  publisher     = {Association for Computing Machinery},
  address       = {New York, NY, USA},
  volume        = 20,
  number        = 7,
  pages         = {504--513},
  doi           = {10.1145/359636.359712},
  issn          = {0001-0782},
  issue_date    = {July 1977},
  numpages      = 10
}
@article{eisenberg:levity,
  title         = {{Levity polymorphism}},
  author        = {Eisenberg, Richard A and Peyton Jones, Simon},
  year          = 2017,
  journal       = {ACM SIGPLAN Notices},
  publisher     = {ACM New York, NY, USA},
  volume        = 52,
  number        = 6,
  pages         = {525--539}
}
@article{moggi:monads,
  title         = {{Notions of computation and monads}},
  author        = {Eugenio Moggi},
  year          = 1991,
  journal       = {Information and Computation},
  volume        = 93,
  number        = 1,
  pages         = {55--92},
  doi           = {https://doi.org/10.1016/0890-5401(91)90052-4},
  issn          = {0890-5401},
  url           = {https://www.sciencedirect.com/science/article/pii/0890540191900524},
  note          = {Selections from 1989 IEEE Symposium on Logic in Computer Science}
}
@article{gilbert:sprop,
  title         = {{Definitional proof-irrelevance without K}},
  author        = {Gilbert, Ga{\"e}tan and Cockx, Jesper and Sozeau, Matthieu and Tabareau, Nicolas},
  year          = 2019,
  journal       = {Proceedings of the ACM on Programming Languages},
  publisher     = {ACM New York, NY, USA},
  volume        = 3,
  number        = {POPL},
  pages         = {1--28},
  doi           = {10.1145/3290316}
}
@article{hatcliff:partial,
  title         = {{A computational formalization for partial evaluation}},
  author        = {Hatcliff, John and Danvy, Olivier},
  year          = 1997,
  journal       = {Mathematical Structures in Computer Science},
  publisher     = {Cambridge University Press},
  volume        = 7,
  number        = 5,
  pages         = {507--541},
  doi           = {10.1017/s0960129597002405}
}
@article{inoue:multistage,
  title         = {{Reasoning about multi-stage programs}},
  author        = {Inoue, Jun and Taha, Walid},
  volume        = 26,
  pages         = {e22},
  doi           = {10.1017/s0956796816000253},
  issn          = {0956-7968, 1469-7653},
  url           = {https://www.cambridge.org/core/product/identifier/S0956796816000253/type/journal\_article},
  journaltitle  = {Journal of Functional Programming},
  shortjournal  = {J. Funct. Prog.},
  year          = 2016
}
@article{liu:dcoi,
  title         = {{Internalizing Indistinguishability with Dependent Types}},
  author        = {Liu, Yiyun and Chan, Jonathan and Shi, Jessica and Weirich, Stephanie},
  year          = 2024,
  month         = jan,
  journal       = {Proc. ACM Program. Lang.},
  publisher     = {Association for Computing Machinery},
  address       = {New York, NY, USA},
  volume        = 8,
  number        = {POPL},
  doi           = {10.1145/3632886},
  articleno     = 44,
  numpages      = 28
}
@inbook{mcbride:plentyo,
  title         = {{I got plenty o'nuttin'}},
  author        = {McBride, Conor},
  year          = 2016,
  booktitle     = {A List of Successes That Can Change the World: Essays Dedicated to Philip Wadler on the Occasion of His 60th Birthday},
  publisher     = {Springer},
  address       = {Cham},
  pages         = {207--233},
  doi           = {10.1007/978-3-319-30936-1\_12}
}
@article{sabelfeld:infoflow,
  title         = {{Language-based information-flow security}},
  author        = {Sabelfeld, A. and Myers, A.C.},
  year          = 2003,
  journal       = {IEEE Journal on Selected Areas in Communications},
  volume        = 21,
  number        = 1,
  pages         = {5--19},
  doi           = {10.1109/jsac.2002.806121}
}
@inproceedings{shikuma:noninterference,
  title         = {{Proving noninterference by a fully complete translation to the simply typed lambda-calculus}},
  author        = {Shikuma, Naokata and Igarashi, Atsushi},
  year          = 2008,
  journal       = {Logical Methods in Computer Science},
  publisher     = {Episciences. org},
  volume        = 4,
  doi           = {10.1007/978-3-540-77505-8\_24}
}
@article{siles:PTS,
  title         = {{Pure type system conversion is always typable}},
  author        = {Siles, Vincent and Herbelin, Hugo},
  year          = 2012,
  journal       = {Journal of Functional Programming},
  publisher     = {Cambridge University Press},
  volume        = 22,
  number        = 2,
  pages         = {153--180}
}
@article{sterling-harper:phase-distinction,
  title         = {{Logical Relations as Types: Proof-Relevant Parametricity for Program Modules}},
  author        = {Sterling, Jonathan and Harper, Robert},
  year          = 2021,
  month         = oct,
  journal       = {J. Acm},
  publisher     = {Association for Computing Machinery},
  address       = {New York, NY, USA},
  volume        = 68,
  number        = 6,
  doi           = {10.1145/3474834},
  issn          = {0004-5411},
  articleno     = 41,
  numpages      = 47
}
@article{swierstra:datatypes,
  title         = {{Data types \`{a} la carte}},
  author        = {Swierstra, Wouter},
  year          = 2008,
  journal       = {Journal of Functional Programming},
  publisher     = {Cambridge University Press},
  volume        = 18,
  number        = 4,
  pages         = {423--436}
}
@article{taha:metaml,
  title         = {{MetaML and multi-stage programming with explicit annotations}},
  author        = {Taha, Walid and Sheard, Tim},
  year          = 2000,
  journal       = {Theoretical computer science},
  publisher     = {Elsevier},
  volume        = 248,
  number        = {1-2},
  pages         = {211--242},
  doi           = {10.1145/258993.259019}
}
@article{tse:parametricity,
  title         = {{Translating dependency into parametricity}},
  author        = {Tse, Stephen and Zdancewic, Steve},
  year          = 2004,
  journal       = {ACM SIGPLAN Notices},
  publisher     = {ACM New York, NY, USA},
  volume        = 39,
  number        = 9,
  pages         = {115--125},
  doi           = {10.1145/1016848.1016868}
}
@article{vazou:refinement,
  title         = {{Refinement reflection: complete verification with SMT}},
  author        = {Vazou, Niki and Tondwalkar, Anish and Choudhury, Vikraman and Scott, Ryan G and Newton, Ryan R and Wadler, Philip and Jhala, Ranjit},
  year          = 2017,
  journal       = {Proceedings of the ACM on Programming Languages},
  publisher     = {ACM New York, NY, USA},
  volume        = 2,
  number        = {POPL},
  pages         = {1--31}
}
@article{capretta:recursion,
  title         = {{General Recursion via Coinductive Types}},
  author        = {Venanzio Capretta},
  year          = 2005,
  month         = jul,
  journal       = {{Logical Methods in Computer Science}},
  volume        = 1,
  number        = 2,
  doi           = {10.2168/lmcs-1(2:1)2005},
  url           = {https://lmcs.episciences.org/2265}
}
@article{xia:itrees,
  title         = {{Interaction Trees: Representing Recursive and Impure Programs in Coq}},
  author        = {Xia, Li-Yao and Zakowski, Yannick and He, Paul and Hur, Chung-Kil and Malecha, Gregory and Pierce, Benjamin C. and Zdancewic, Steve},
  year          = 2019,
  month         = dec,
  journal       = {Proc. ACM Program. Lang.},
  publisher     = {Association for Computing Machinery},
  address       = {New York, NY, USA},
  volume        = 4,
  number        = {POPL},
  doi           = {10.1145/3371119},
  articleno     = 51,
  numpages      = 32
}
@book{martin-lof:bibliopolis,
  title         = {{Intuitionistic type theory}},
  author        = {Martin-L{\"o}f, Per},
  year          = 1984,
  publisher     = {Bibliopolis},
  series        = {Studies in Proof Theory},
  volume        = 1,
  numpages      = {iv+91},
  isbn          = {88-7088-105-9},
  mrclass       = {03b15 (03f50 03f55)},
  mrnumber      = {769301 (86j:03005)},
  mrreviewer    = {M. M. Richter},
  subtitle      = {Notes by Giovanni Sambin}
}
@book{vazou:haskell,
  title         = {{Liquid Haskell: Haskell as a theorem prover}},
  author        = {Vazou, Niki},
  year          = 2016,
  publisher     = {University of California, San Diego}
}
@inbook{barendregt:lambda,
  title         = {{Lambda Calculi with Types}},
  author        = {Barendregt, Henk P.},
  year          = 1993,
  booktitle     = {Handbook of Logic in Computer Science (Vol. 2): Background: Computational Structures},
  publisher     = {Oxford University Press, Inc.},
  address       = {USA},
  pages         = {117--309},
  isbn          = {0198537611},
  numpages      = 193
}
@incollection{debruijn:automath,
  title         = {{Some extensions of Automath: the AUT-4 family}},
  author        = {de Bruijn, Nicolaas Govert},
  year          = 1994,
  booktitle     = {Studies in Logic and the Foundations of Mathematics},
  publisher     = {Elsevier},
  volume        = 133,
  pages         = {283--288}
}
@incollection{martin-lof:mltt,
  title         = {{An intuitionistic theory of types: predicative part}},
  author        = {Martin-L{\"o}f, Per},
  year          = 1975,
  booktitle     = {Logic Colloquium '73, Proceedings of the Logic Colloquium},
  publisher     = {North-Holland},
  series        = {Studies in Logic and the Foundations of Mathematics},
  volume        = 80,
  pages         = {73--118},
  doi           = {10.1016/s0049-237x(08)71945-1},
  editor        = {H.E. Rose and J.C. Shepherdson},
  mrclass       = {02c15 (02d99)},
  mrnumber      = {0387009 (52 \#7856)},
  mrreviewer    = {Horst Luckhardt}
}
@inproceedings{abadi:dcc,
  title         = {{A Core Calculus of Dependency}},
  author        = {Abadi, Mart\'{\i}n and Banerjee, Anindya and Heintze, Nevin and Riecke, Jon G.},
  year          = 1999,
  booktitle     = {Proceedings of the 26th ACM SIGPLAN-SIGACT Symposium on Principles of Programming Languages},
  location      = {San Antonio, Texas, USA},
  publisher     = {Association for Computing Machinery},
  address       = {New York, NY, USA},
  series        = {POPL '99},
  pages         = {147--160},
  doi           = {10.1145/292540.292555},
  isbn          = 1581130953,
  numpages      = 14
}
@inproceedings{atkey:qtt,
  title         = {{Syntax and Semantics of Quantitative Type Theory}},
  author        = {Atkey, Robert},
  year          = 2018,
  booktitle     = {Proceedings of the 33rd Annual ACM/IEEE Symposium on Logic in Computer Science},
  location      = {Oxford, United Kingdom},
  publisher     = {Association for Computing Machinery},
  address       = {New York, NY, USA},
  series        = {LICS '18},
  pages         = {56--65},
  doi           = {10.1145/3209108.3209189},
  isbn          = 9781450355834,
  numpages      = 10
}
@inproceedings{barras:icc,
  title         = {{The Implicit Calculus of Constructions as a Programming Language with Dependent Types}},
  author        = {Barras, Bruno and Bernardo, Bruno},
  year          = 2008,
  booktitle     = {Foundations of Software Science and Computational Structures},
  publisher     = {Springer Berlin Heidelberg},
  address       = {Berlin, Heidelberg},
  pages         = {365--379},
  isbn          = {978-3-540-78499-9},
  editor        = {Amadio, Roberto}
}
@inproceedings{brady:idris2,
  title         = {{Idris 2: Quantitative Type Theory in Practice}},
  author        = {Brady, Edwin C.},
  year          = 2021,
  booktitle     = {35th European Conference on Object-Oriented Programming (ECOOP 2021)},
  publisher     = {Schloss Dagstuhl -- Leibniz-Zentrum f{\"u}r Informatik},
  address       = {Dagstuhl, Germany},
  series        = {Leibniz International Proceedings in Informatics (LIPIcs)},
  volume        = 194,
  pages         = {9:1--9:26},
  doi           = {10.4230/LIPIcs.ECOOP.2021.9},
  isbn          = {978-3-95977-190-0},
  issn          = {1868-8969},
  editor        = {M{\o}ller, Anders and Sridharan, Manu},
  urn           = {urn:nbn:de:0030-drops-140527},
  annote        = {Keywords: Dependent types, linear types, concurrency}
}
@inproceedings{coquand:cic,
  title         = {{Inductively defined types}},
  author        = {Coquand, Thierry and Paulin, Christine},
  year          = 1990,
  booktitle     = {Colog-88},
  publisher     = {Springer Berlin Heidelberg},
  address       = {Berlin, Heidelberg},
  pages         = {50--66},
  doi           = {10.1007/3-540-52335-9\_47},
  isbn          = {978-3-540-46963-6},
  editor        = {Martin-L{\"o}f, Per and Mints, Grigori}
}
@inproceedings{delaware:metatheory,
  title         = {{Meta-Theory \`{a} La Carte}},
  author        = {Delaware, Benjamin and d. S. Oliveira, Bruno C. and Schrijvers, Tom},
  year          = 2013,
  booktitle     = {Proceedings of the 40th Annual ACM SIGPLAN-SIGACT Symposium on Principles of Programming Languages},
  location      = {Rome, Italy},
  publisher     = {Association for Computing Machinery},
  address       = {New York, NY, USA},
  series        = {POPL '13},
  pages         = {207--218},
  doi           = {10.1145/2429069.2429094},
  isbn          = 9781450318327,
  numpages      = 12
}
@inproceedings{forster:coqalacarte,
  title         = {{Coq \`{a} La Carte: A Practical Approach to Modular Syntax with Binders}},
  author        = {Forster, Yannick and Stark, Kathrin},
  year          = 2020,
  booktitle     = {Proceedings of the 9th ACM SIGPLAN International Conference on Certified Programs and Proofs},
  location      = {New Orleans, LA, USA},
  publisher     = {Association for Computing Machinery},
  address       = {New York, NY, USA},
  series        = {CPP 2020},
  pages         = {186--200},
  doi           = {10.1145/3372885.3373817},
  isbn          = 9781450370974,
  numpages      = 15
}
@inproceedings{pfenning:modal,
  title         = {{Intensionality, extensionality, and proof irrelevance in modal type theory}},
  author        = {Frank Pfenning},
  year          = 2001,
  booktitle     = {Proceedings 16th Annual IEEE Symposium on Logic in Computer Science},
  publisher     = {IEEE},
  pages         = {221--230},
  doi           = {10.1109/lics.2001.932499},
  issn          = {1043-6871},
  address       = {Los Alamitos, CA, USA}
}
@inproceedings{kiselyov:hlist,
  title         = {{Strongly Typed Heterogeneous Collections}},
  author        = {Kiselyov, Oleg and L\"{a}mmel, Ralf and Schupke, Keean},
  year          = 2004,
  booktitle     = {Proceedings of the 2004 ACM SIGPLAN Workshop on Haskell},
  location      = {Snowbird, Utah, USA},
  publisher     = {Association for Computing Machinery},
  address       = {New York, NY, USA},
  series        = {Haskell '04},
  pages         = {96--107},
  doi           = {10.1145/1017472.1017488},
  isbn          = 1581138504,
  numpages      = 12
}
@inproceedings{leino:dafny,
  title         = {{Dafny: An automatic program verifier for functional correctness}},
  author        = {Leino, K Rustan M},
  year          = 2010,
  booktitle     = {Logic for Programming, Artificial Intelligence, and Reasoning: 16th International Conference, LPAR-16, Dakar, Senegal, April 25--May 1, 2010, Revised Selected Papers 16},
  pages         = {348--370},
  organization  = {Springer}
}
@inproceedings{miquel:icc,
  title         = {{The Implicit Calculus of Constructions Extending Pure Type Systems with an Intersection Type Binder and Subtyping}},
  author        = {Miquel, Alexandre},
  year          = 2001,
  booktitle     = {Typed Lambda Calculi and Applications},
  publisher     = {Springer Berlin Heidelberg},
  address       = {Berlin, Heidelberg},
  pages         = {344--359},
  doi           = {10.1007/3-540-45413-6\_27},
  isbn          = {978-3-540-45413-7},
  editor        = {Abramsky, Samson}
}
@inproceedings{mishra-linger:erasure,
  title         = {{Erasure and Polymorphism in Pure Type Systems}},
  author        = {Mishra-Linger, Nathan and Sheard, Tim},
  year          = 2008,
  booktitle     = {Foundations of Software Science and Computational Structures},
  publisher     = {Springer Berlin Heidelberg},
  address       = {Berlin, Heidelberg},
  pages         = {350--364},
  doi           = {10.1007/978-3-540-78499-9\_25},
  isbn          = {978-3-540-78499-9},
  editor        = {Amadio, Roberto}
}
@inproceedings{moon:graded,
  title         = {{Graded Modal Dependent Type Theory}},
  author        = {Moon, Benjamin and Eades III, Harley and Orchard, Dominic},
  year          = 2021,
  booktitle     = {Programming Languages and Systems},
  publisher     = {Springer International Publishing},
  address       = {Cham},
  pages         = {462--490},
  doi           = {10.1007/978-3-030-72019-3\_17},
  isbn          = {978-3-030-72019-3},
  editor        = {Yoshida, Nobuko}
}
@inproceedings{paulin-mohring:coc,
  title         = {{Extracting $F_\omega$'s Programs from Proofs in the Calculus of Constructions}},
  author        = {Paulin-Mohring, Christine},
  year          = 1989,
  booktitle     = {Proceedings of the 16th ACM SIGPLAN-SIGACT Symposium on Principles of Programming Languages},
  location      = {Austin, Texas, USA},
  publisher     = {Association for Computing Machinery},
  address       = {New York, NY, USA},
  series        = {POPL '89},
  pages         = {89--104},
  doi           = {10.1145/75277.75285},
  isbn          = {0897912942},
  numpages      = 16
}
@inproceedings{schwaab:typesafety,
  title         = {{Modular Type-Safety Proofs in Agda}},
  author        = {Schwaab, Christopher and Siek, Jeremy G.},
  year          = 2013,
  booktitle     = {Proceedings of the 7th Workshop on Programming Languages Meets Program Verification},
  location      = {Rome, Italy},
  publisher     = {Association for Computing Machinery},
  address       = {New York, NY, USA},
  series        = {PLPV '13},
  pages         = {3--12},
  doi           = {10.1145/2428116.2428120},
  isbn          = 9781450318600,
  numpages      = 10
}
@inproceedings{sulzmann:systemfc,
  title         = {{System F with Type Equality Coercions}},
  author        = {Sulzmann, Martin and Chakravarty, Manuel M. T. and Jones, Simon Peyton and Donnelly, Kevin},
  year          = 2007,
  booktitle     = {Proceedings of the 2007 ACM SIGPLAN International Workshop on Types in Languages Design and Implementation},
  location      = {Nice, Nice, France},
  publisher     = {Association for Computing Machinery},
  address       = {New York, NY, USA},
  series        = {TLDI '07},
  pages         = {53--66},
  doi           = {10.1145/1190315.1190324},
  isbn          = {159593393x},
  numpages      = 14
}
@inproceedings{swamy:fstar,
  title         = {{Verifying Higher-Order Programs with the Dijkstra Monad}},
  author        = {Swamy, Nikhil and Weinberger, Joel and Schlesinger, Cole and Chen, Juan and Livshits, Benjamin},
  year          = 2013,
  booktitle     = {Proceedings of the 34th ACM SIGPLAN Conference on Programming Language Design and Implementation},
  location      = {Seattle, Washington, USA},
  publisher     = {Association for Computing Machinery},
  address       = {New York, NY, USA},
  series        = {PLDI '13},
  pages         = {387--398},
  doi           = {10.1145/2491956.2491978},
  isbn          = 9781450320146,
  numpages      = 12
}
@misc{wright:tables,
  title         = {{Idris2-Table: evaluating dependently-typed tables with the Brown Benchmark for Table Types (Extended Abstract)}},
  author        = {Robert Wright and Michel Steuwer and Ohad Kammar},
  year          = 2022,
  month         = sep,
  booktitle     = {Workshop on Type-Driven Development (TyDe)},
  url           = {https://github.com/madman-bob/idris2-table}
}
@phdthesis{brady:phd,
  title         = {{Practical implementation of a dependently typed functional programming language}},
  author        = {Edwin C. Brady},
  year          = 2005,
  url           = {http://etheses.dur.ac.uk/2800/},
  school        = {Durham University, {UK}}
}
@phdthesis{gundry:phd,
  title         = {{Type Inference, Haskell and Dependent Types}},
  author        = {Gundry, Adam},
  year          = 2013,
  school        = {University of Strathclyde}
}
@phdthesis{girard:phd,
  title         = {{Interpr\'etation fonctionnelle et \'elimination des coupures de l'arithm\'etique d'ordre sup\'erieur}},
  author        = {Jean-Yves Girard},
  year          = 1972,
  school        = {Universit\'e Paris 7}
}
@software{agda,
  title         = {{Agda}},
  author        = {{Agda Development Team}},
  organization  = {{Programming Logic Group}},
  year          = 2023,
  url           = {https://wiki.portal.chalmers.se/agda/Main/HomePage},
  version       = {2.6.3}
}
@software{coq,
  title         = {{The Coq Proof Assistant}},
  author        = {{Coq Development Team}},
  organization  = {{INRIA}},
  year          = 2019,
  month         = oct,
  publisher     = {Zenodo},
  doi           = {10.5281/zenodo.3476303},
  url           = {https://doi.org/10.5281/zenodo.3476303},
  version       = {8.10}
}
@software{ghc,
  title         = {{The Glasgow Haskell Compiler}},
  author        = {{GHC Development Team}},
  year          = 2023,
  url           = {https://www.haskell.org/ghc/},
  version       = {9.2.7}
}
@techreport{coquand:coc,
  title         = {{The calculus of constructions}},
  author        = {Coquand, Thierry and Huet, G{\'e}rard},
  year          = 1986,
  month         = may,
  number        = {Rr-0530},
  url           = {https://hal.inria.fr/inria-00076024},
  institution   = {INRIA}
}
@techreport{eisenberg:systemfc,
  title         = {{System FC, as implemented in GHC}},
  author        = {Eisenberg, Richard A.},
  year          = 2015,
  number        = {Ms-cis-15-09},
  url           = {https://github.com/ghc/ghc/blob/master/docs/core-spec/core-spec.pdf},
  institution   = {University of Pennsylvania}
}
@techreport{sheard:generators,
  title         = {{Type safe abstractions using program generators}},
  author        = {Sheard, Time and Nelson, Neal},
  year          = 1995,
  number        = {95-013},
  doi           = {10.6083/w95050724},
  institution   = {Oregon Graduate Institute of Science and Technology}
}
@inproceedings{adjedj:mltt-coq,
  title         = {Martin-L\"{o}f \`{a} la Coq},
  author        = {Adjedj, Arthur and Lennon-Bertrand, Meven and Maillard, Kenji and P\'{e}drot, Pierre-Marie and Pujet, Lo\"{\i}c},
  year          = 2024,
  booktitle     = {Proceedings of the 13th ACM SIGPLAN International Conference on Certified Programs and Proofs},
  location      = {London, UK},
  publisher     = {Association for Computing Machinery},
  address       = {New York, NY, USA},
  series        = {CPP 2024},
  pages         = {230--245},
  doi           = {10.1145/3636501.3636951},
  isbn          = 9798400704888,
  numpages      = 16
}
@phdthesis{barras:coq-coq,
  title         = {Coq en Coq},
  author        = {Barras, Bruno},
  year          = 1996,
  school        = {INRIA}
}
@inproceedings{geuvers:cc-sn,
  title         = {{A short and flexible proof of strong normalization for the calculus of constructions}},
  author        = {Geuvers, Herman},
  year          = 1994,
  booktitle     = {International Workshop on Types for Proofs and Programs},
  pages         = {14--38},
  publisher     = {Springer},
  doi           = {10.1007/3-540-60579-7\_2},
  address       = {Berlin, Heidelberg}
}
@article{takahashi:par,
  title         = {{Parallel Reductions in $\lambda$-Calculus}},
  journal       = {Information and Computation},
  volume        = {118},
  number        = {1},
  pages         = {120--127},
  year          = 1995,
  issn          = {0890-5401},
  doi           = {10.1006/inco.1995.1057},
  author        = {Takahashi, Masako}
}
@article{abel:poplmark,
  title         = {{POPLMark reloaded: Mechanizing proofs by logical relations}},
  author        = {Abel, Andreas and Allais, Guillaume and Hameer, Aliya and Pientka, Brigitte and Momigliano, Alberto and Sch{\"a}fer, Steven and Stark, Kathrin},
  year          = 2019,
  journal       = {Journal of Functional Programming},
  publisher     = {Cambridge University Press},
  volume        = 29,
  pages         = {e19}
}
@article{mckinna:some-lambda-formalized,
  title         = {{Some lambda calculus and type theory formalized}},
  author        = {McKinna, James and Pollack, Robert},
  year          = 1999,
  journal       = {Journal of Automated Reasoning},
  publisher     = {Springer},
  volume        = 23,
  pages         = {373--409}
}
@inproceedings{accattoli:factorization,
  title         = {{Factorization and Normalization, Essentially}},
  author        = {Accattoli, Beniamino and Faggian, Claudia and Guerrieri, Giulio},
  year          = 2019,
  booktitle     = {Programming Languages and Systems},
  publisher     = {Springer International Publishing},
  pages         = {159--180},
  isbn          = {978-3-030-34175-6},
  editor        = {Lin, Anthony Widjaja},
  doi           = {10.1007/978-3-030-34175-6\_9},
  address       = {Cham}
}
@phdthesis{abel:normalization,
  title         = {{Normalization by evaluation: Dependent types and impredicativity}},
  author        = {Abel, Andreas},
  year          = 2013,
  school        = {Ludwig-Maximilians-Universit{\"a}t M{\"u}nchen}
}
@article{harper:equivalence,
  title         = {{On equivalence and canonical forms in the LF type theory}},
  author        = {Harper, Robert and Pfenning, Frank},
  year          = 2005,
  journal       = {ACM Transactions on Computational Logic (TOCL)},
  publisher     = {ACM New York, NY, USA},
  volume        = 6,
  number        = 1,
  pages         = {61--101}
}
@inproceedings{lean,
  author        = {de Moura, Leonardo and Kong, Soonho and Avigad, Jeremy and van Doorn, Floris and von Raumer, Jakob},
  booktitle     = {International Conference on Automated Deduction},
  title         = {{The Lean Theorem Prover (System Description)}},
  year          = 2015,
  month         = Aug,
  volume        = {9195},
  doi           = {10.1007/978-3-319-21401-6\_26},
  series        = {Lecture Notes in Computer Science},
  isbn          = {978-3-319-21400-9, 978-3-319-21401-6},
  pages         = {378--388},
  publisher     = {Springer International Publishing},
  address       = {Cham}
}
@article{adams:pure,
  title         = {Pure type systems with judgemental equality},
  author        = {Adams, Robin},
  year          = 2006,
  journal       = {Journal of Functional Programming},
  publisher     = {Cambridge University Press},
  volume        = 16,
  number        = 2,
  pages         = {219--246}
}
@phdthesis{luo1990:extended,
  title         = {An extended calculus of constructions},
  author        = {Luo, Zhaohui},
  year          = 1990,
  school        = {University of Edinburgh}
}
@article{sozeau:coq-coq-correct,
  title         = {Coq Coq correct! verification of type checking and erasure for Coq, in Coq},
  author        = {Sozeau, Matthieu and Boulier, Simon and Forster, Yannick and Tabareau, Nicolas and Winterhalter, Th\'{e}o},
  year          = 2019,
  month         = dec,
  journal       = {Proc. ACM Program. Lang.},
  publisher     = {Association for Computing Machinery},
  address       = {New York, NY, USA},
  volume        = 4,
  number        = {POPL},
  doi           = {10.1145/3371076},
  url           = {https://doi.org/10.1145/3371076},
  issue_date    = {January 2020},
  articleno     = 8,
  numpages      = 28
}
@inproceedings{casinghino:combining-proofs-programs,
  title         = {Combining Proofs and Programs in a Dependently Typed Language},
  author        = {Casinghino, Chris and Sj\"{o}berg, Vilhelm and Weirich, Stephanie},
  year          = 2014,
  booktitle     = {Proceedings of the 41st ACM SIGPLAN-SIGACT Symposium on Principles of Programming Languages},
  location      = {San Diego, California, USA},
  publisher     = {Association for Computing Machinery},
  address       = {New York, NY, USA},
  series        = {POPL '14},
  pages         = {33--45},
  doi           = {10.1145/2535838.2535883},
  isbn          = 9781450325448,
  url           = {https://doi.org/10.1145/2535838.2535883},
  numpages      = 13,
  plclub        = {yes}
}
@inproceedings{mishra:erasure,
  title         = {Erasure and Polymorphism in Pure Type Systems},
  author        = {Mishra-Linger, Nathan and Sheard, Tim},
  year          = 2008,
  booktitle     = {Foundations of Software Science and Computational Structures},
  publisher     = {Springer Berlin Heidelberg},
  address       = {Berlin, Heidelberg},
  pages         = {350--364},
  doi           = {10.1007/978-3-540-78499-9\_25},
  isbn          = {978-3-540-78499-9},
  editor        = {Amadio, Roberto}
}
@article{pujet:ttobs,
  title         = {Observational equality: now for good},
  author        = {Pujet, Lo\"{\i}c and Tabareau, Nicolas},
  year          = 2022,
  month         = jan,
  journal       = {Proc. ACM Program. Lang.},
  publisher     = {Association for Computing Machinery},
  address       = {New York, NY, USA},
  volume        = 6,
  number        = {POPL},
  doi           = {10.1145/3498693},
  url           = {https://doi.org/10.1145/3498693},
  issue_date    = {January 2022},
  articleno     = 32,
  numpages      = 27
}
@article{pujet:ccobs,
  title         = {Impredicative Observational Equality},
  author        = {Pujet, Lo\"{\i}c and Tabareau, Nicolas},
  year          = 2023,
  month         = jan,
  journal       = {Proc. ACM Program. Lang.},
  publisher     = {Association for Computing Machinery},
  address       = {New York, NY, USA},
  volume        = 7,
  number        = {POPL},
  doi           = {10.1145/3571739},
  url           = {https://doi.org/10.1145/3571739},
  issue_date    = {January 2023},
  articleno     = 74,
  numpages      = 26
}
@article{choudhury:grad,
  title         = {A graded dependent type system with a usage-aware semantics},
  author        = {Choudhury, Pritam and Eades III, Harley and Eisenberg, Richard A and Weirich, Stephanie},
  year          = 2021,
  journal       = {Proceedings of the ACM on Programming Languages},
  publisher     = {ACM New York, NY, USA},
  volume        = 5,
  number        = {POPL},
  pages         = {1--32}
}
@article{abel:grade,
  title         = {A Graded Modal Dependent Type Theory with a Universe and Erasure, Formalized},
  author        = {Abel, Andreas and Danielsson, Nils Anders and Eriksson, Oskar},
  year          = 2023,
  month         = aug,
  journal       = {Proc. ACM Program. Lang.},
  publisher     = {Association for Computing Machinery},
  address       = {New York, NY, USA},
  volume        = 7,
  number        = {ICFP},
  doi           = {10.1145/3607862},
  url           = {https://doi.org/10.1145/3607862},
  articleno     = 220,
  numpages      = 35
}
@article{bernardy:color,
  title         = {Type-theory in color},
  author        = {Bernardy, Jean-Philippe and Guilhem, Moulin},
  year          = 2013,
  month         = sep,
  journal       = {SIGPLAN Not.},
  publisher     = {Association for Computing Machinery},
  address       = {New York, NY, USA},
  volume        = 48,
  number        = 9,
  pages         = {61--72},
  doi           = {10.1145/2544174.2500577},
  issn          = {0362-1340},
  url           = {https://doi.org/10.1145/2544174.2500577},
  issue_date    = {September 2013},
  numpages      = 12
}
@inproceedings{choudhury:ddc,
  title         = {A Dependent Dependency Calculus},
  author        = {Choudhury, Pritam and Eades III, Harley and Weirich, Stephanie},
  year          = 2022,
  booktitle     = {Programming Languages and Systems, ESOP 2022},
  publisher     = {Springer International Publishing},
  address       = {Cham},
  series        = {Lecture Notes in Computer Science},
  volume        = 13240,
  pages         = {403--430},
  doi           = {10.1007/978-3-030-99336-8\_15},
  isbn          = {978-3-030-99336-8},
  url           = {https://github.com/sweirich/graded-haskell},
  note          = {Artifact available},
  editor        = {Sergey, Ilya},
  plclub        = yes
}
@article{abel:dectt,
  title         = {Decidability of Conversion for Type Theory in Type Theory},
  author        = {Abel, Andreas and \"{O}hman, Joakim and Vezzosi, Andrea},
  year          = 2017,
  month         = dec,
  journal       = {Proc. ACM Program. Lang.},
  publisher     = {Association for Computing Machinery},
  address       = {New York, NY, USA},
  volume        = 2,
  number        = {POPL},
  doi           = {10.1145/3158111},
  url           = {https://doi.org/10.1145/3158111},
  issue_date    = {January 2018},
  articleno     = 23,
  numpages      = 29
}
@book{girard:proofs,
  title         = {Proofs and types},
  author        = {Girard, Jean-Yves and Taylor, Paul and Lafont, Yves},
  year          = 1989,
  publisher     = {Cambridge University Press},
  address       = {Cambridge},
  volume        = 7
}
@article{tejiscak:erasure,
  title         = {A dependently typed calculus with pattern matching and erasure inference},
  author        = {Teji\v{s}\v{c}\'{a}k, Mat\'{u}\v{s}},
  year          = 2020,
  month         = aug,
  journal       = {Proc. ACM Program. Lang.},
  publisher     = {Association for Computing Machinery},
  address       = {New York, NY, USA},
  volume        = 4,
  number        = {ICFP},
  doi           = {10.1145/3408973},
  url           = {https://doi.org/10.1145/3408973},
  issue_date    = {August 2020},
  articleno     = 91,
  numpages      = 29
}
@inproceedings{anand:corenuprl,
  title         = {{Towards a Formally Verified Proof Assistant}},
  author        = {Anand, Abhishek and Rahli, Vincent},
  year          = 2014,
  booktitle     = {Interactive Theorem Proving},
  publisher     = {Springer International Publishing},
  address       = {Cham},
  pages         = {27--44},
  doi           = {10.1007/978-3-319-08970-6\_3},
  isbn          = {978-3-319-08970-6},
  editor        = {Klein, Gerwin and Gamboa, Ruben}
}
@inproceedings{wieczorek:coqnbe,
  title         = {A Coq Formalization of Normalization by Evaluation for Martin-L\"{o}f Type Theory},
  author        = {Wieczorek, Pawe\l{} and Biernacki, Dariusz},
  year          = 2018,
  booktitle     = {Proceedings of the 7th ACM SIGPLAN International Conference on Certified Programs and Proofs},
  location      = {Los Angeles, CA, USA},
  publisher     = {Association for Computing Machinery},
  address       = {New York, NY, USA},
  series        = {CPP 2018},
  pages         = {266--279},
  doi           = {10.1145/3167091},
  isbn          = 9781450355865,
  url           = {https://doi.org/10.1145/3167091},
  numpages      = 14
}
@article{awodey:propastype,
  title         = {{Propositions as [Types]}},
  author        = {Awodey, Steven and Bauer, Andrej},
  year          = 2004,
  month         = {08},
  journal       = {Journal of Logic and Computation},
  volume        = 14,
  number        = 4,
  pages         = {447--471},
  doi           = {10.1093/logcom/14.4.447},
  issn          = {0955-792x},
  url           = {https://doi.org/10.1093/logcom/14.4.447},
  eprint        = {https://academic.oup.com/logcom/article-pdf/14/4/447/2753672/140447.pdf}
}
@inproceedings{mendler:quotient,
  title         = {{Quotient types via coequalizers in Martin-L\"of type theory}},
  author        = {Mendler, Nax Paul},
  year          = 1990,
  booktitle     = {First workshop on logical frameworks},
  publisher     = {INRIA},
  address       = {France},
  pages         = 349
}
@article{werner:proofirrel,
  title         = {{On the strength of proof-irrelevant type theories}},
  author        = {Benjamin Werner},
  year          = 2008,
  month         = sep,
  journal       = {{Logical Methods in Computer Science}},
  volume        = 4,
  issue         = 3,
  pages         = {1--20},
  doi           = {10.2168/lmcs-4(3:13)2008},
  url           = {https://lmcs.episciences.org/1142}
}
@article{abel:failurenorm,
  title         = {{Failure of Normalization in Impredicative Type Theory with Proof-Irrelevant Propositional Equality}},
  author        = {Andreas Abel and Thierry Coquand},
  year          = 2020,
  month         = jun,
  journal       = {{Logical Methods in Computer Science}},
  volume        = {{Volume 16, Issue 2}},
  pages         = {14:1--14:5},
  doi           = {10.23638/lmcs-16(2:14)2020},
  url           = {https://lmcs.episciences.org/6606}
}
@inproceedings{miquel:proof-irrel-model,
  title         = {The Not So Simple Proof-Irrelevant Model of CC},
  author        = {Miquel, Alexandre and Werner, Benjamin},
  year          = 2003,
  booktitle     = {Types for Proofs and Programs},
  publisher     = {Springer Berlin Heidelberg},
  address       = {Berlin, Heidelberg},
  pages         = {240--258},
  isbn          = {978-3-540-39185-2},
  editor        = {Geuvers, Herman and Wiedijk, Freek}
}
@techreport{timany:pcuic-consistency,
  title         = {{Consistency of the Predicative Calculus of Cumulative Inductive Constructions (pCuIC)}},
  author        = {Timany, Amin and Sozeau, Matthieu},
  year          = 2017,
  month         = oct,
  number        = {RR-9105},
  pages         = 30,
  url           = {https://inria.hal.science/hal-01615123},
  type          = {Research Report},
  institution   = {{KU Leuven, Belgium ; Inria Paris}},
  pdf           = {https://inria.hal.science/hal-01615123v2/file/consistency.pdf},
  hal_id        = {hal-01615123},
  hal_version   = {v2}
}
@article{liu:dependently,
  title         = {Dependently-Typed Programming with Logical Equality Reflection},
  author        = {Liu, Yiyun and Weirich, Stephanie},
  year          = 2023,
  journal       = {Proceedings of the ACM on Programming Languages},
  publisher     = {ACM New York, NY, USA},
  volume        = 7,
  number        = {ICFP},
  pages         = {649--685}
}
@inproceedings{dunfield-krishnaswami:bidirection,
  title         = {Complete and easy bidirectional typechecking for higher-rank polymorphism},
  author        = {Dunfield, Jana and Krishnaswami, Neelakantan R.},
  year          = 2013,
  booktitle     = {Proceedings of the 18th ACM SIGPLAN International Conference on Functional Programming},
  location      = {Boston, Massachusetts, USA},
  publisher     = {Association for Computing Machinery},
  address       = {New York, NY, USA},
  series        = {ICFP '13},
  pages         = {429–442},
  doi           = {10.1145/2500365.2500582},
  isbn          = 9781450323260,
  url           = {https://doi.org/10.1145/2500365.2500582},
  numpages      = 14
}
@book{constable:nuprl,
  author        = {Constable, R. L. and Allen, S. F. and Bromley, H. M. and Cleaveland, W. R. and Cremer, J. F. and Harper, R. W. and Howe, D. J. and Knoblock, T. B. and Mendler, N. P. and Panangaden, P. and Sasaki, J. T. and Smith, S. F.},
  title         = {Implementing Mathematics with the Nuprl Proof Development System},
  year          = {1986},
  isbn          = {0134518322},
  publisher     = {Prentice-Hall, Inc.},
  address       = {USA}
}
@article{weirich:systemd,
  author        = {Weirich, Stephanie and Voizard, Antoine and de Amorim, Pedro Henrique Avezedo and Eisenberg, Richard A.},
  title         = {A Specification for Dependent Types in {Haskell}},
  journal       = {Proc. ACM Program. Lang.},
  issue_date    = {September 2017},
  volume        = {1},
  number        = {ICFP},
  month         = aug,
  year          = {2017},
  issn          = {2475-1421},
  pages         = {31:1--31:29},
  articleno     = {31},
  numpages      = {29},
  url           = {http://doi.acm.org/10.1145/3110275},
  doi           = {10.1145/3110275},
  acmid         = {3110275},
  publisher     = {ACM},
  address       = {New York, NY, USA},
  keywords      = {Dependent Types, Haskell},
  plclub        = {yes}
}
